<marc:record>
        <marc:leader>03732cam a2200445 i 4500</marc:leader>
        <marc:controlfield tag="001">380155</marc:controlfield>
        <marc:controlfield tag="005">20130513121547.0</marc:controlfield>
        <marc:controlfield tag="008">120719b1739    ilua          000 0 eng  </marc:controlfield>
        <marc:datafield ind1=" " ind2=" " tag="035">
            <marc:subfield code="a">(MediadbVoyBIBID)380155</marc:subfield></marc:datafield>
        <marc:datafield ind1=" " ind2=" " tag="035">
            <marc:subfield code="a">(END)PR3291_A1_U54_1739</marc:subfield>
        </marc:datafield>
        <marc:datafield ind1=" " ind2=" " tag="035">
            <marc:subfield code="a">(CStRLIN)PAUG84-B36223</marc:subfield>
        </marc:datafield>
        <marc:datafield ind1=" " ind2=" " tag="035">
            <marc:subfield code="a">(CaOTULAS)105304978</marc:subfield>
        </marc:datafield>
        <marc:datafield ind1=" " ind2=" " tag="035">
            <marc:subfield code="9">ABL4035</marc:subfield>
        </marc:datafield>
        <marc:datafield ind1=" " ind2=" " tag="040">
            <marc:subfield code="a">PU</marc:subfield>
            <marc:subfield code="c">PU</marc:subfield>
        </marc:datafield>
        <marc:datafield ind1=" " ind2=" " tag="090">
            <marc:subfield code="a">PR3291.A1</marc:subfield>
            <marc:subfield code="b">U54 1739</marc:subfield>
            <marc:subfield code="i">09/21/84 CT</marc:subfield>
        </marc:datafield>
        <marc:datafield ind1="0" ind2="4" tag="245">
            <marc:subfield code="a">The Unfortunate dutchess, or, The lucky gamester :</marc:subfield>
            <marc:subfield code="b">a novel, founded on a true story.</marc:subfield>
        </marc:datafield>
        <marc:datafield ind1=" " ind2=" " tag="246">
            <marc:subfield code="a">The unfortunate dutchess: or, the lucky gamester. A novel, founded on a true story.</marc:subfield>
            <marc:subfield code="d">Letter-press</marc:subfield>
            <marc:subfield code="g">Full</marc:subfield>
            <marc:subfield code="x">Work</marc:subfield>
        </marc:datafield>
        <marc:datafield ind1=" " ind2=" " tag="260">
            <marc:subfield code="a">London :</marc:subfield>
            <marc:subfield code="b">Printed for T. Read, in Dogwell-Court, White-Fryers, Fleetstreet.</marc:subfield>
            <marc:subfield code="c">MDCCXXXIX.</marc:subfield>
            <marc:subfield code="x">(Price One Shilling.)</marc:subfield>
        </marc:datafield>
        <marc:datafield ind1=" " ind2=" " tag="300">
            <marc:subfield code="a">78 p. ;</marc:subfield>
            <marc:subfield code="c">20 cm. (8vo)</marc:subfield>
            <marc:subfield code="x">Octavo</marc:subfield>
            <marc:subfield code="a">[1 v.]</marc:subfield>
        </marc:datafield>
        <marc:datafield ind1=" " ind2=" " tag="500">
            <marc:subfield code="a">Price shown as &quot;&quot;(Price One Shilling.) on title page under imprint, indicating that it was used an advertisement&quot;</marc:subfield>
        </marc:datafield>
        <marc:datafield ind1=" " ind2=" " tag="500">
            <marc:subfield code="a">Pages numbers in brackets on top center of main text</marc:subfield>
        </marc:datafield>
        <marc:datafield ind1=" " ind2=" " tag="500">
            <marc:subfield code="a">Printer\'s ornamentation throughout.</marc:subfield>
        </marc:datafield>
        <marc:datafield ind1=" " ind2=" " tag="500">
            <marc:subfield code="a">First letter begins with a character\'s thoughts on the genres of the novel and the play, thus establish a model for the reading and appreciation of novels: &quot;&quot;Madam, When I first had the honour of your acquaintance, among those numberless qualities which rendered you so amiable, and your conversation so charming and easy, I found that esteem you had for plays and novels to be none of the least considerable. It speaks a tender soul, and a large portion of wit. To pity a feign\'d hero is commendable, because it is a sure argument, that compassion would not be wanting to a real one: and to delight in those things, which have a certain air or passion well represented in them, shews, that the fancy of the reader is little or nothing inferior to that of the writer; for we can take no more pleasure in what we understand not, than in those things which we understand too well. To remove the weight of a few lazy minutes, I send you the fam\'d amour of a lady, whom a long scene of gallantry has at last render\'d obnoxious to the laws of her country.&quot;</marc:subfield>
        </marc:datafield>
        <marc:datafield ind1="4" ind2=" " tag="510">
            <marc:subfield code="a">ESTC (RLIN)</marc:subfield>
            <marc:subfield code="c">T96143</marc:subfield>
        </marc:datafield>
        <marc:datafield ind1="4" ind2=" " tag="510">
            <marc:subfield code="a">McBurney, W. H. Engl. prose fiction,</marc:subfield>
            <marc:subfield code="c">333</marc:subfield>
        </marc:datafield>
        <marc:datafield ind1=" " ind2=" " tag="591">
            <marc:subfield code="a">Such is the fate unhappy women find,---And such the curse entail\'d upon our kind,---That man, the lawless libertine, may rove,---Free and unquestion\'d thro\' the wilds of love:---While woman, sense and nature\'s easy fool,---If poor weak woman swerve from virtue\'s rule,---If strongly charm\'d, she leave hte thorny way,---And in the softer paths of pleasure stray,---Ruin ensues, reproach and endless shame,---And one false step entirely damns her fame.---In vain with tears the loss she may deplore,---In vain look back to what she was before,---She sets, like stars which fall, to rise no more.</marc:subfield>
            <marc:subfield code="1">Jane Shore</marc:subfield>
            <marc:subfield code="2">Rowe\'s</marc:subfield>
            <marc:subfield code="b">The Tragedy of Jane Shore</marc:subfield>
            <marc:subfield code="c">Nicholas Rowe</marc:subfield>
        </marc:datafield>
        <marc:datafield ind1=" " ind2=" " tag="592">
            <marc:subfield code="a">Epistolary</marc:subfield>
            <marc:subfield code="b">Third-person</marc:subfield>
            <marc:subfield code="c">Verse</marc:subfield>
            <marc:subfield code="x">The primary narrative is epistolary, but third-person narrative appears in the letters</marc:subfield>
        </marc:datafield>
        <marc:datafield ind1=" " ind2="4" tag="650">
            <marc:subfield code="a">CHR 1739</marc:subfield>
        </marc:datafield>
        <marc:datafield ind1=" " ind2="4" tag="650">
            <marc:subfield code="a">PRO Mendenhall, John C. (donor)</marc:subfield>
        </marc:datafield>
        <marc:datafield ind1=" " ind2=" " tag="700">
            <marc:subfield code="a">Rowe, Nicholas</marc:subfield>
            <marc:subfield code="d">1674-1718</marc:subfield>
            <marc:subfield code="4">Author (epigraph)</marc:subfield>
            <marc:subfield code="5">Authorized</marc:subfield>
        </marc:datafield>
        <marc:datafield ind1=" " ind2=" " tag="700">
            <marc:subfield code="a">Read, T.</marc:subfield>
            <marc:subfield code="4">Printed for</marc:subfield>
            <marc:subfield code="5">Authorized</marc:subfield>
        </marc:datafield>
        <marc:datafield ind1=" " ind2=" " tag="710">
            <marc:subfield code="a">T. Read</marc:subfield>
            <marc:subfield code="4">Printed for</marc:subfield>
            <marc:subfield code="5">Unauthorized</marc:subfield>
        </marc:datafield>
        <marc:datafield ind1="2" ind2=" " tag="710">
            <marc:subfield code="a">Collection of British and American Fiction, 1660-1830 (University of Pennsylvania)</marc:subfield>
        </marc:datafield>
        <marc:datafield ind1="2" ind2=" " tag="710">
            <marc:subfield code="a">Early Novels</marc:subfield>
            <marc:subfield code="5">University of Pennsylvania</marc:subfield>
        </marc:datafield>
        <marc:datafield ind1="0" ind2=" " tag="740">
            <marc:subfield code="a">Unfortunate duchess.</marc:subfield>
        </marc:datafield>
        <marc:datafield ind1="0" ind2=" " tag="740">
            <marc:subfield code="a">Lucky gamester.</marc:subfield>
        </marc:datafield>
        <marc:datafield ind1=" " ind2=" " tag="950">
            <marc:subfield code="l">RBC</marc:subfield>
            <marc:subfield code="e">\\Singer-\\Menden-\\hall\\</marc:subfield>
            <marc:subfield code="i">09/21/84 C</marc:subfield>
        </marc:datafield>
        <marc:datafield ind1=" " ind2=" " tag="955">
            <marc:subfield code="l">RBC</marc:subfield>
            <marc:subfield code="c">1</marc:subfield>
            <marc:subfield code="q">50-1414</marc:subfield>
            <marc:subfield code="q">g. Dr. John C. Mendenhall</marc:subfield>
            <marc:subfield code="i">09/21/84</marc:subfield>
        </marc:datafield>
        <marc:datafield ind1=" " ind2=" " tag="989">
            <marc:subfield code="3">Unfortunate</marc:subfield>
            <marc:subfield code="2">Dutchess</marc:subfield>
            <marc:subfield code="3">Lucky</marc:subfield>
            <marc:subfield code="2">Gamester</marc:subfield>
            <marc:subfield code="2">Novel</marc:subfield>
            <marc:subfield code="6">Found</marc:subfield>
            <marc:subfield code="3">True</marc:subfield>
            <marc:subfield code="2">Story</marc:subfield>
        </marc:datafield>
        <marc:datafield ind1=" " ind2=" " tag="999">
            <marc:subfield code="a">AFD</marc:subfield>
            <marc:subfield code="b">07/19/2012</marc:subfield>
            <marc:subfield code="c">Swarthmore College</marc:subfield>
        </marc:datafield>
    </marc:record>